@online{eseiaat,
    title = {Citar i elaborar la bibliografia},
    url = {https://bibliotecnica.upc.edu/investigadors/citar-elaborar-bibliografia},
    author={UPC},
    year={2021},
}
