@online{eseiaat,
    title = {The School of Industrial, Aerospace and Audiovisual Engineering of Terrassa},
    url = {https://eseiaat.upc.edu/en?set_language=en},
    author={UPC},
    year={Spring of 2025},
}


@software{librosa,
	author       = {McFee, Brian and
	Matt McVicar and
	Daniel Faronbi and
	Iran Roman and
	Matan Gover and
	Stefan Balke and
	Scott Seyfarth and
	Ayoub Malek and
	Colin Raffel and
	Vincent Lostanlen and
	Benjamin van Niekirk and
	Dana Lee and
	Frank Cwitkowitz and
	Frank Zalkow and
	Oriol Nieto and
	Dan Ellis and
	Jack Mason and
	Kyungyun Lee and
	Bea Steers and
	Emily Halvachs and
	Carl Thomé and
	Fabian Robert-Stöter and
	Rachel Bittner and
	Ziyao Wei and
	Adam Weiss and
	Eric Battenberg and
	Keunwoo Choi and
	Ryuichi Yamamoto and
	CJ Carr and
	Alex Metsai and
	Stefan Sullivan and
	Pius Friesch and
	Asmitha Krishnakumar and
	Shunsuke Hidaka and
	Steve Kowalik and
	Fabian Keller and
	Dan Mazur and
	Alexandre Chabot-Leclerc and
	Curtis Hawthorne and
	Chandrashekhar Ramaprasad and
	Myungchul Keum and
	Juanita Gomez and
	Will Monroe and
	Viktor Andreevitch Morozov and
	Kian Eliasi and
	nullmightybofo and
	Paul Biberstein and
	N. Dorukhan Sergin and
	Romain Hennequin and
	Rimvydas Naktinis and
	beantowel and
	Taewoon Kim and
	Jon Petter Åsen and
	Joon Lim and
	Alex Malins and
	Darío Hereñú and
	Stef van der Struijk and
	Lorenz Nickel and
	Jackie Wu and
	Zhen Wang and
	Tim Gates and
	Matt Vollrath and
	Andy Sarroff and
	Xiao-Ming and
	Alastair Porter and
	Seth Kranzler and
	Voodoohop and
	Mattia Di Gangi and
	Helmi Jinoz and
	Connor Guerrero and
	Abduttayyeb Mazhar and
	toddrme2178 and
	Zvi Baratz and
	Anton Kostin and
	Xinlu Zhuang and
	Cash TingHin Lo and
	Pavel Campr and
	Eric Semeniuc and
	Monsij Biswal and
	Shayenne Moura and
	Paul Brossier and
	Hojin Lee and
	Waldir Pimenta and
	Jon Petter Åsen and
	Shin Hyun and
	Iliya S and
	Eugene Rabinovich and
	Geo Lei and
	Jize Guo and
	Phillip S.M. Skelton and
	Matt Pitkin and
	Anmol Mishra and
	Slava Chaunin and
	BenedictSt and
	Scott VanRavenswaay and
	David Südholt},
	title        = {librosa/librosa: 0.11.0rc1},
	month        = feb,
	year         = 2025,
	publisher    = {Zenodo},
	version      = {0.11.0rc1},
	doi          = {10.5281/zenodo.14908061},
	url          = {https://doi.org/10.5281/zenodo.14908061},
	swhid        = {swh:1:dir:3286d0c56a5c826a7c62ca273c1708a3e0643f4d
	;origin=https://doi.org/10.5281/zenodo.591533;visi
	t=swh:1:snp:0c197fc4bf20fefbdbbf9d6b871cc483d009fe
	9b;anchor=swh:1:rel:d62f6f8dc1afe5657c4ccec65a1dc8
	31ab7fede3;path=librosa-librosa-8949426
	},
}

@misc{BibEntry2025Feb,
	title = {{librosa {\ifmmode---\else\textemdash\fi} librosa 0.10.2 documentation}},
	year = {2025},
	month = feb,
	note = {[Online; accessed 9. Mar. 2025]},
	url = {https://librosa.org/doc/latest/index.html}
}

@misc{SMAART,
	title = {{Smaart Home}},
	journal = {Rational Acoustics},
	year = {2025},
	month = may,
	note = {[Online; accessed 25. May 2025]},
	url = {https://www.rationalacoustics.com/pages/smaart-home}
}

@article{AudixTM1,
	author = {Anderson, Karen},
	title = {{Audix TM1 Plus Now Available}},
	journal = {Rational Acoustics},
	year = {2023},
	month = sep,
	publisher = {Rational Acoustics},
	url = {https://www.rationalacoustics.com/blogs/news/audix-tm1-plus-now-available}
}

@misc{DBX_31s,
	title = {{DBX 231s}},
	journal = {Musikhaus Thomann},
	year = {2025},
	month = may,
	note = {[Online; accessed 26. May 2025]},
	url = {https://www.thomann.es/dbx_231s.htm}
}

@misc{scipy_signal,
	title = {{Signal processing (scipy.signal) SciPy v1.15.3 Manual}},
	year = {2025},
	month = may,
	note = {[Online; accessed 26. May 2025]},
	url = {https://docs.scipy.org/doc/scipy/reference/signal.html}
}

@misc{sounddevice,
	title = {{API Documentation {\ifmmode---\else\textemdash\fi} python-sounddevice, version 0.5.1}},
	year = {2024},
	month = oct,
	note = {[Online; accessed 31. May 2025]},
	url = {https://python-sounddevice.readthedocs.io/en/0.5.1/api/index.html}
}

@misc{Tkinter,
	title = {{tkinter {\ifmmode---\else\textemdash\fi} Python interface to Tcl/Tk}},
	journal = {Python documentation},
	year = {2025},
	month = jun,
	note = {[Online; accessed 2. Jun. 2025]},
	url = {https://docs.python.org/3/library/tkinter.html}
}

@misc{Matplotlib,
	title = {{Matplotlib documentation {\ifmmode---\else\textemdash\fi} Matplotlib 3.10.3 documentation}},
	year = {2025},
	month = may,
	note = {[Online; accessed 2. Jun. 2025]},
	url = {https://matplotlib.org/stable/index.html}
}

@misc{numpy,
	title = {{NumPy user guide {\ifmmode---\else\textemdash\fi} NumPy v2.2 Manual}},
	year = {2025},
	month = jan,
	note = {[Online; accessed 7. Jun. 2025]},
	url = {https://numpy.org/doc/stable/user/index.html#user}
}

@misc{dirac_live,
	title = {{Dirac Live - Digital Room Correction software}},
	journal = {Dirac},
	year = {2025},
	month = jun,
	note = {[Online; accessed 15. Jun. 2025]},
	url = {https://www.dirac.com/live}
}

@misc{rew,
	author = {Mulcahy, John},
	title = {{REW room acoustics and audio device measurement and analysis software}},
	year = {2024},
	month = dec,
	note = {[Online; accessed 15. Jun. 2025]},
	url = {https://www.roomeqwizard.com/index.html}
}

@misc{soundID,
	title = {{SoundID Reference - Speaker {\&} Headphone Calibration}},
	journal = {Sonarworks},
	year = {2025},
	month = jun,
	note = {[Online; accessed 15. Jun. 2025]},
	url = {https://www.sonarworks.com/soundid-reference}
}

@article{trinnov,
	author = {Design, Presto Web},
	title = {{Trinnov {$\vert$} Digital Room Correction, Monitoring and Immersive Sound Solutions}},
	journal = {Trinnov},
	year = {2025},
	month = jun,
	url = {https://www.trinnov.com}
}

@misc{thomann,
	title = {{Thomann}},
	journal = {Musikhaus Thomann},
	year = {2025},
	month = jun,
	note = {[Online; accessed 16. Jun. 2025]},
	url = {https://www.thomann.es}
}

@misc{smaart_image,
	title = {{SmaartEVOPR1.jpg (JPEG Image, 1500 {\ifmmode\times\else\texttimes\fi} 1125 pixels) {\ifmmode---\else\textemdash\fi} Scaled (85{\%})}},
	year = {2025},
	month = jun,
	note = {[Online; accessed 17. Jun. 2025]},
	url = {https://www.rationalacoustics.com/cdn/shop/articles/SmaartEVOPR1.jpg?v=1671564987&width=1500}
}

@misc{dirac_image,
	title = {{Setup Guide {$\vert$} Dirac Live Active Room Treatment}},
	year = {2025},
	month = jun,
	note = {[Online; accessed 17. Jun. 2025]},
	url = {https://helpdesk.dirac.com/en/dirac-art/Setup-Guide-c3cb}
}

@misc{trinnov_image,
	title = {{trinnov{$\_$}mac{$\_$}win{$\_$}app{$\_$}800x450{$\_$}light-1.png (PNG Image, 800 {\ifmmode\times\else\texttimes\fi} 450 pixels)}},
	year = {2025},
	month = jun,
	note = {[Online; accessed 17. Jun. 2025]},
	url = {https://www.trinnov.com/site/assets/files/5300/trinnov_mac_win_app_800x450_light-1.png}
}

@misc{trinnov_image2,
	title = {{trinnov{$\_$}nova{$\_$}bundle.png (PNG Image, 1920 {\ifmmode\times\else\texttimes\fi} 1080 pixels) {\ifmmode---\else\textemdash\fi} Scaled (89{\%})}},
	year = {2025},
	month = jun,
	note = {[Online; accessed 17. Jun. 2025]},
	url = {https://www.trinnov.com/site/assets/files/4429/trinnov_nova_bundle.png}
}

@misc{git,
	title = {{TFG}},
	journal = {GitHub},
	year = {2025},
	month = jun,
	note = {[Online; accessed 18. Jun. 2025]},
	url = {https://github.com/Alexandr-Ramos/TFG}
}