@online{eseiaat,
    title = {Citar i elaborar la bibliografia},
    url = {https://guies.bibliotecnica.upc.edu/com-citar/},
    author={UPC},
    year={2021},
}
