
@article{ex,
	author = "S.K. Agrawal and Yan, J.",
	title = "A three-wheel vehicle with
		expanding wheels: differential flatness, trajectory planning, and control",
	journal = "Proc. of the 2003 IEEWRSJ, Intl. Conference on Intelligen
		Robots and Systems",
	adress = "Las Vegas",
	year = "2003"
}

@inproceedings{Mueller2002TransferFunctionMW,
	title={Transfer-Function Measurement with Sweeps DIRECTOR â€™ S CUT INCLUDING PREVIOUSLY UNRELEASED MATERIAL},
	author={S Mueller},
	year={2002},
	url={https://api.semanticscholar.org/CorpusID:11168559}
}